%% This BibTeX bibliography file was created using BibDesk.
%% https://bibdesk.sourceforge.io/

%% Created for Benjamin Kulnik at 2020-04-09 00:02:43 +0200 


%% Saved with string encoding Unicode (UTF-8) 



@misc{Pallets:2020aa,
	Author = {Pallets},
	Date-Added = {2020-04-09 00:00:25 +0200},
	Date-Modified = {2020-04-09 00:01:13 +0200},
	Month = {Apr},
	Note = {[Online; accessed 9. Apr. 2020]},
	Title = {Flask},
	Url = {https://flask.palletsprojects.com/en/1.1.x},
	Year = {2020},
	Bdsk-Url-1 = {https://flask.palletsprojects.com/en/1.1.x}}

@inproceedings{Beazley:1996aa,
	Author = {Beazley, David M and others},
	Booktitle = {Tcl/Tk Workshop},
	Date-Added = {2020-04-08 23:36:42 +0200},
	Date-Modified = {2020-04-08 23:36:44 +0200},
	Title = {SWIG: An Easy to Use Tool for Integrating Scripting Languages with C and C++.},
	Volume = {43},
	Year = {1996}}

@book{Gulli:2017aa,
	Author = {Gulli, Antonio and Pal, Sujit},
	Date-Added = {2020-04-08 23:35:10 +0200},
	Date-Modified = {2020-04-08 23:35:11 +0200},
	Publisher = {Packt Publishing Ltd},
	Title = {Deep learning with Keras},
	Year = {2017}}

@book{Goodfellow:2016aa,
	Author = {Ian Goodfellow and Yoshua Bengio and Aaron Courville},
	Date-Added = {2020-04-08 17:48:04 +0200},
	Date-Modified = {2020-04-08 17:48:04 +0200},
	Note = {\url{http://www.deeplearningbook.org}},
	Publisher = {MIT Press},
	Title = {Deep Learning},
	Year = {2016}}

@article{Zhu:2017aa,
	Author = {Zhu, Michael and Gupta, Suyog},
	Date-Added = {2020-04-08 10:49:30 +0200},
	Date-Modified = {2020-04-08 10:49:30 +0200},
	Journal = {arXiv preprint arXiv:1710.01878},
	Title = {To prune, or not to prune: exploring the efficacy of pruning for model compression},
	Year = {2017}}

@article{Sze:2017aa,
	Author = {V. {Sze} and Y. {Chen} and T. {Yang} and J. S. {Emer}},
	Date-Added = {2020-04-08 10:49:07 +0200},
	Date-Modified = {2020-04-08 10:49:07 +0200},
	Doi = {10.1109/JPROC.2017.2761740},
	Issn = {1558-2256},
	Journal = {Proceedings of the IEEE},
	Keywords = {artificial intelligence;computational complexity;neural nets;energy efficiency;hardware design changes;DNN hardware designs;deep neural networks;hardware cost;computation cost reduction;artificial intelligence;computational complexity;hardware platforms;hardware architecture;DNN hardware implementations;Neurons;Biological neural networks;Artificial intelligence;Machine learning;Neural networks;Tutorials;Convolutional neural networks;Artificial intelligence;Benchmark testing;Computer architecture;ASIC;computer architecture;convolutional neural networks;dataflow processing;deep learning;deep neural networks;energy-efficient accelerators;low power;machine learning;spatial architectures;VLSI},
	Month = {Dec},
	Number = {12},
	Pages = {2295-2329},
	Title = {Efficient Processing of Deep Neural Networks: A Tutorial and Survey},
	Volume = {105},
	Year = {2017},
	Bdsk-File-1 = {YnBsaXN0MDDSAQIDBFxyZWxhdGl2ZVBhdGhZYWxpYXNEYXRhXxBxLi4vLi4vLi4vLi4vTGlicmFyeS9Nb2JpbGUgRG9jdW1lbnRzL2NvbX5hcHBsZX5DbG91ZERvY3MvVW5pL1VuaSBNYXN0ZXIvU29jIFNlbWluYXIvbm4tZ2VuZXJhbC8yMDE3X3BpZWVlX2Rubi5wZGZPEQH6AAAAAAH6AAIAAAxNYWNpbnRvc2ggSEQAAAAAAAAAAAAAAAAAAAAAAAAAQkQAAf////8SMjAxN19waWVlZV9kbm4ucGRmAAAAAAAAAAAAAAAAAAAAAAAAAAAAAAAAAAAAAAAAAAAAAAAAAAAAAAAAAAAA/////wAAAAAAAAAAAAAAAAAEAAgAAAogY3UAAAAAAAAAAAAAAAAACm5uLWdlbmVyYWwAAgB8LzpVc2VyczpiZW5qYW1pbmt1bG5pazpMaWJyYXJ5Ok1vYmlsZSBEb2N1bWVudHM6Y29tfmFwcGxlfkNsb3VkRG9jczpVbmk6VW5pIE1hc3RlcjpTb2MgU2VtaW5hcjpubi1nZW5lcmFsOjIwMTdfcGllZWVfZG5uLnBkZgAOACYAEgAyADAAMQA3AF8AcABpAGUAZQBlAF8AZABuAG4ALgBwAGQAZgAPABoADABNAGEAYwBpAG4AdABvAHMAaAAgAEgARAASAHpVc2Vycy9iZW5qYW1pbmt1bG5pay9MaWJyYXJ5L01vYmlsZSBEb2N1bWVudHMvY29tfmFwcGxlfkNsb3VkRG9jcy9VbmkvVW5pIE1hc3Rlci9Tb2MgU2VtaW5hci9ubi1nZW5lcmFsLzIwMTdfcGllZWVfZG5uLnBkZgATAAEvAAAVAAIAFf//AAAACAANABoAJACYAAAAAAAAAgEAAAAAAAAABQAAAAAAAAAAAAAAAAAAApY=},
	Bdsk-Url-1 = {https://doi.org/10.1109/JPROC.2017.2761740}}

@inproceedings{LeCun:1990aa,
	Author = {LeCun, Yann and Denker, John S and Solla, Sara A},
	Booktitle = {Advances in neural information processing systems},
	Date-Added = {2020-04-08 10:48:31 +0200},
	Date-Modified = {2020-04-08 10:48:31 +0200},
	Pages = {598--605},
	Title = {Optimal brain damage},
	Year = {1990},
	Bdsk-File-1 = {YnBsaXN0MDDSAQIDBFxyZWxhdGl2ZVBhdGhZYWxpYXNEYXRhXxB7Li4vLi4vLi4vLi4vTGlicmFyeS9Nb2JpbGUgRG9jdW1lbnRzL2NvbX5hcHBsZX5DbG91ZERvY3MvVW5pL1VuaSBNYXN0ZXIvU29jIFNlbWluYXIvbm4tZ2VuZXJhbC8yNTAtb3B0aW1hbC1icmFpbi1kYW1hZ2UucGRmTxECIgAAAAACIgACAAAMTWFjaW50b3NoIEhEAAAAAAAAAAAAAAAAAAAAAAAAAEJEAAH/////HDI1MC1vcHRpbWFsLWJyYWluLWRhbWFnZS5wZGYAAAAAAAAAAAAAAAAAAAAAAAAAAAAAAAAAAAAAAAAAAAAAAP////8AAAAAAAAAAAAAAAAABAAIAAAKIGN1AAAAAAAAAAAAAAAAAApubi1nZW5lcmFsAAIAhi86VXNlcnM6YmVuamFtaW5rdWxuaWs6TGlicmFyeTpNb2JpbGUgRG9jdW1lbnRzOmNvbX5hcHBsZX5DbG91ZERvY3M6VW5pOlVuaSBNYXN0ZXI6U29jIFNlbWluYXI6bm4tZ2VuZXJhbDoyNTAtb3B0aW1hbC1icmFpbi1kYW1hZ2UucGRmAA4AOgAcADIANQAwAC0AbwBwAHQAaQBtAGEAbAAtAGIAcgBhAGkAbgAtAGQAYQBtAGEAZwBlAC4AcABkAGYADwAaAAwATQBhAGMAaQBuAHQAbwBzAGgAIABIAEQAEgCEVXNlcnMvYmVuamFtaW5rdWxuaWsvTGlicmFyeS9Nb2JpbGUgRG9jdW1lbnRzL2NvbX5hcHBsZX5DbG91ZERvY3MvVW5pL1VuaSBNYXN0ZXIvU29jIFNlbWluYXIvbm4tZ2VuZXJhbC8yNTAtb3B0aW1hbC1icmFpbi1kYW1hZ2UucGRmABMAAS8AABUAAgAV//8AAAAIAA0AGgAkAKIAAAAAAAACAQAAAAAAAAAFAAAAAAAAAAAAAAAAAAACyA==}}

@article{Parashar:2017ab,
	Address = {New York, NY, USA},
	Author = {Parashar, Angshuman and Rhu, Minsoo and Mukkara, Anurag and Puglielli, Antonio and Venkatesan, Rangharajan and Khailany, Brucek and Emer, Joel and Keckler, Stephen W. and Dally, William J.},
	Date-Added = {2020-04-08 10:48:14 +0200},
	Date-Modified = {2020-04-08 10:48:14 +0200},
	Doi = {10.1145/3140659.3080254},
	Issn = {0163-5964},
	Issue_Date = {September 2017},
	Journal = {SIGARCH Comput. Archit. News},
	Keywords = {Convolutional neural networks, accelerator architecture},
	Month = jun,
	Number = {2},
	Numpages = {14},
	Pages = {27--40},
	Publisher = {Association for Computing Machinery},
	Title = {SCNN: An Accelerator for Compressed-Sparse Convolutional Neural Networks},
	Url = {https://doi.org/10.1145/3140659.3080254},
	Volume = {45},
	Year = {2017},
	Bdsk-File-1 = {YnBsaXN0MDDSAQIDBFxyZWxhdGl2ZVBhdGhZYWxpYXNEYXRhXxBnLi4vLi4vLi4vLi4vTGlicmFyeS9Nb2JpbGUgRG9jdW1lbnRzL2NvbX5hcHBsZX5DbG91ZERvY3MvVW5pL1VuaSBNYXN0ZXIvU29jIFNlbWluYXIvbm4tZ2VuZXJhbC9zY25uLnBkZk8RAdIAAAAAAdIAAgAADE1hY2ludG9zaCBIRAAAAAAAAAAAAAAAAAAAAAAAAABCRAAB/////whzY25uLnBkZgAAAAAAAAAAAAAAAAAAAAAAAAAAAAAAAAAAAAAAAAAAAAAAAAAAAAAAAAAAAAAAAAAAAAAAAAD/////AAAAAAAAAAAAAAAAAAQACAAACiBjdQAAAAAAAAAAAAAAAAAKbm4tZ2VuZXJhbAACAHIvOlVzZXJzOmJlbmphbWlua3VsbmlrOkxpYnJhcnk6TW9iaWxlIERvY3VtZW50czpjb21+YXBwbGV+Q2xvdWREb2NzOlVuaTpVbmkgTWFzdGVyOlNvYyBTZW1pbmFyOm5uLWdlbmVyYWw6c2Nubi5wZGYADgASAAgAcwBjAG4AbgAuAHAAZABmAA8AGgAMAE0AYQBjAGkAbgB0AG8AcwBoACAASABEABIAcFVzZXJzL2JlbmphbWlua3VsbmlrL0xpYnJhcnkvTW9iaWxlIERvY3VtZW50cy9jb21+YXBwbGV+Q2xvdWREb2NzL1VuaS9VbmkgTWFzdGVyL1NvYyBTZW1pbmFyL25uLWdlbmVyYWwvc2Nubi5wZGYAEwABLwAAFQACABX//wAAAAgADQAaACQAjgAAAAAAAAIBAAAAAAAAAAUAAAAAAAAAAAAAAAAAAAJk},
	Bdsk-Url-1 = {https://doi.org/10.1145/3140659.3080254}}

@article{Wu:2018aa,
	Author = {Wu, Shuang and Li, Guoqi and Chen, Feng and Shi, Luping},
	Date-Added = {2020-04-08 10:08:03 +0200},
	Date-Modified = {2020-04-08 10:08:04 +0200},
	Journal = {arXiv preprint arXiv:1802.04680},
	Title = {Training and inference with integers in deep neural networks},
	Year = {2018}}

@inproceedings{Lee:2017aa,
	Author = {E. H. {Lee} and D. {Miyashita} and E. {Chai} and B. {Murmann} and S. S. {Wong}},
	Booktitle = {2017 IEEE International Conference on Acoustics, Speech and Signal Processing (ICASSP)},
	Date-Added = {2020-04-08 10:05:46 +0200},
	Date-Modified = {2020-04-08 10:05:48 +0200},
	Pages = {5900-5904},
	Title = {LogNet: Energy-efficient neural networks using logarithmic computation},
	Year = {2017}}

@article{LeCun:1998ab,
	Author = {LeCun, Yann},
	Date-Added = {2020-01-20 19:56:59 +0100},
	Date-Modified = {2020-01-20 20:02:39 +0100},
	Journal = {http://yann.lecun.com/exdb/mnist/},
	Title = {The MNIST Database of handwritten digits},
	Url = {http://yann.lecun.com/exdb/mnist/},
	Year = {1998},
	Bdsk-Url-1 = {https://ci.nii.ac.jp/naid/10027939599/en/}}

@article{Beazley:2003aa,
	Author = {Beazley, David M},
	Date-Added = {2020-01-19 17:24:25 +0100},
	Date-Modified = {2020-01-19 17:24:27 +0100},
	Journal = {Future Generation Computer Systems},
	Number = {5},
	Pages = {599--609},
	Publisher = {Elsevier},
	Title = {Automated scientific software scripting with SWIG},
	Volume = {19},
	Year = {2003}}

@article{Ioffe:2015aa,
	Author = {Ioffe, Sergey and Szegedy, Christian},
	Date-Added = {2020-01-19 16:44:18 +0100},
	Date-Modified = {2020-01-19 16:44:19 +0100},
	Journal = {arXiv preprint arXiv:1502.03167},
	Title = {Batch normalization: Accelerating deep network training by reducing internal covariate shift},
	Year = {2015}}

@article{Kingma:2014aa,
	Author = {Kingma, Diederik P and Ba, Jimmy},
	Date-Added = {2020-01-19 16:43:28 +0100},
	Date-Modified = {2020-01-19 16:43:30 +0100},
	Journal = {arXiv preprint arXiv:1412.6980},
	Title = {Adam: A method for stochastic optimization},
	Year = {2014}}

@article{Srivastava:2014aa,
	Author = {Srivastava, Nitish and Hinton, Geoffrey and Krizhevsky, Alex and Sutskever, Ilya and Salakhutdinov, Ruslan},
	Date-Added = {2020-01-19 16:42:54 +0100},
	Date-Modified = {2020-01-19 16:42:56 +0100},
	Journal = {The journal of machine learning research},
	Number = {1},
	Pages = {1929--1958},
	Publisher = {JMLR. org},
	Title = {Dropout: a simple way to prevent neural networks from overfitting},
	Volume = {15},
	Year = {2014}}

@misc{MartinAbadi:2015aa,
	Author = {Mart\'{\i}n~Abadi and Ashish~Agarwal and Paul~Barham and Eugene~Brevdo and Zhifeng~Chen and Craig~Citro and Greg~S.~Corrado and Andy~Davis and Jeffrey~Dean and Matthieu~Devin and Sanjay~Ghemawat and Ian~Goodfellow and Andrew~Harp and Geoffrey~Irving and Michael~Isard and Yangqing Jia and Rafal~Jozefowicz and Lukasz~Kaiser and Manjunath~Kudlur and Josh~Levenberg and Dandelion~Man\'{e} and Rajat~Monga and Sherry~Moore and Derek~Murray and Chris~Olah and Mike~Schuster and Jonathon~Shlens and Benoit~Steiner and Ilya~Sutskever and Kunal~Talwar and Paul~Tucker and Vincent~Vanhoucke and Vijay~Vasudevan and Fernanda~Vi\'{e}gas and Oriol~Vinyals and Pete~Warden and Martin~Wattenberg and Martin~Wicke and Yuan~Yu and Xiaoqiang~Zheng},
	Date-Added = {2020-01-19 16:40:10 +0100},
	Date-Modified = {2020-01-19 16:40:12 +0100},
	Note = {Software available from tensorflow.org},
	Title = {{TensorFlow}: Large-Scale Machine Learning on Heterogeneous Systems},
	Url = {https://www.tensorflow.org/},
	Year = {2015},
	Bdsk-Url-1 = {https://www.tensorflow.org/}}

@article{Schmidhuber:2015aa,
	Abstract = {In recent years, deep artificial neural networks (including recurrent ones) have won numerous contests in pattern recognition and machine learning. This historical survey compactly summarizes relevant work, much of it from the previous millennium. Shallow and Deep Learners are distinguished by the depth of their credit assignment paths, which are chains of possibly learnable, causal links between actions and effects. I review deep supervised learning (also recapitulating the history of backpropagation), unsupervised learning, reinforcement learning & evolutionary computation, and indirect search for short programs encoding deep and large networks.},
	Author = {J{\"u}rgen Schmidhuber},
	Date-Added = {2020-01-19 16:38:34 +0100},
	Date-Modified = {2020-01-19 16:38:34 +0100},
	Doi = {https://doi.org/10.1016/j.neunet.2014.09.003},
	Issn = {0893-6080},
	Journal = {Neural Networks},
	Keywords = {Deep learning, Supervised learning, Unsupervised learning, Reinforcement learning, Evolutionary computation},
	Pages = {85 - 117},
	Title = {Deep learning in neural networks: An overview},
	Url = {http://www.sciencedirect.com/science/article/pii/S0893608014002135},
	Volume = {61},
	Year = {2015},
	Bdsk-File-1 = {YnBsaXN0MDDSAQIDBFxyZWxhdGl2ZVBhdGhZYWxpYXNEYXRhXxBsLi4vLi4vLi4vLi4vTGlicmFyeS9Nb2JpbGUgRG9jdW1lbnRzL2NvbX5hcHBsZX5DbG91ZERvY3MvVW5pL1VuaSBNYXN0ZXIvU29jIFNlbWluYXIvbm4tZ2VuZXJhbC8xNDA0Ljc4MjgucGRmTxEB6AAAAAAB6AACAAAMTWFjaW50b3NoIEhEAAAAAAAAAAAAAAAAAAAAAAAAAEJEAAH/////DTE0MDQuNzgyOC5wZGYAAAAAAAAAAAAAAAAAAAAAAAAAAAAAAAAAAAAAAAAAAAAAAAAAAAAAAAAAAAAAAAAAAP////8AAAAAAAAAAAAAAAAABAAIAAAKIGN1AAAAAAAAAAAAAAAAAApubi1nZW5lcmFsAAIAdy86VXNlcnM6YmVuamFtaW5rdWxuaWs6TGlicmFyeTpNb2JpbGUgRG9jdW1lbnRzOmNvbX5hcHBsZX5DbG91ZERvY3M6VW5pOlVuaSBNYXN0ZXI6U29jIFNlbWluYXI6bm4tZ2VuZXJhbDoxNDA0Ljc4MjgucGRmAAAOABwADQAxADQAMAA0AC4ANwA4ADIAOAAuAHAAZABmAA8AGgAMAE0AYQBjAGkAbgB0AG8AcwBoACAASABEABIAdVVzZXJzL2JlbmphbWlua3VsbmlrL0xpYnJhcnkvTW9iaWxlIERvY3VtZW50cy9jb21+YXBwbGV+Q2xvdWREb2NzL1VuaS9VbmkgTWFzdGVyL1NvYyBTZW1pbmFyL25uLWdlbmVyYWwvMTQwNC43ODI4LnBkZgAAEwABLwAAFQACABX//wAAAAgADQAaACQAkwAAAAAAAAIBAAAAAAAAAAUAAAAAAAAAAAAAAAAAAAJ/},
	Bdsk-Url-1 = {http://www.sciencedirect.com/science/article/pii/S0893608014002135},
	Bdsk-Url-2 = {https://doi.org/10.1016/j.neunet.2014.09.003}}

@inproceedings{Karpathy:2014aa,
	Author = {Karpathy, Andrej and Toderici, George and Shetty, Sanketh and Leung, Thomas and Sukthankar, Rahul and Fei-Fei, Li},
	Booktitle = {The IEEE Conference on Computer Vision and Pattern Recognition (CVPR)},
	Date-Added = {2020-01-19 16:38:11 +0100},
	Date-Modified = {2020-01-19 16:38:11 +0100},
	Month = {June},
	Title = {Large-scale Video Classification with Convolutional Neural Networks},
	Year = {2014}}

@incollection{Paszke:2019aa,
	Author = {Paszke, Adam and Gross, Sam and Massa, Francisco and Lerer, Adam and Bradbury, James and Chanan, Gregory and Killeen, Trevor and Lin, Zeming and Gimelshein, Natalia and Antiga, Luca and Desmaison, Alban and Kopf, Andreas and Yang, Edward and DeVito, Zachary and Raison, Martin and Tejani, Alykhan and Chilamkurthy, Sasank and Steiner, Benoit and Fang, Lu and Bai, Junjie and Chintala, Soumith},
	Booktitle = {Advances in Neural Information Processing Systems 32},
	Date-Added = {2020-01-19 16:35:59 +0100},
	Date-Modified = {2020-01-19 16:36:01 +0100},
	Editor = {H. Wallach and H. Larochelle and A. Beygelzimer and F. d\textquotesingle Alch\'{e}-Buc and E. Fox and R. Garnett},
	Pages = {8024--8035},
	Publisher = {Curran Associates, Inc.},
	Title = {PyTorch: An Imperative Style, High-Performance Deep Learning Library},
	Url = {http://papers.neurips.cc/paper/9015-pytorch-an-imperative-style-high-performance-deep-learning-library.pdf},
	Year = {2019},
	Bdsk-Url-1 = {http://papers.neurips.cc/paper/9015-pytorch-an-imperative-style-high-performance-deep-learning-library.pdf}}

@article{LeCun:1998aa,
	Author = {LeCun, Yann and Bottou, L{\'e}on and Bengio, Yoshua and Haffner, Patrick and others},
	Date-Added = {2020-01-19 16:09:25 +0100},
	Date-Modified = {2020-01-19 16:09:25 +0100},
	Journal = {Proceedings of the IEEE},
	Number = {11},
	Pages = {2278--2324},
	Publisher = {Taipei, Taiwan},
	Rating = {5},
	Title = {Gradient-based learning applied to document recognition},
	Url = {http://yann.lecun.com/exdb/publis/pdf/lecun-01a.pdf},
	Volume = {86},
	Year = {1998},
	Bdsk-Url-1 = {http://yann.lecun.com/exdb/publis/pdf/lecun-01a.pdf}}

@misc{dumoulin2016guide,
	Archiveprefix = {arXiv},
	Author = {Vincent Dumoulin and Francesco Visin},
	Eprint = {1603.07285},
	Primaryclass = {stat.ML},
	Title = {A guide to convolution arithmetic for deep learning},
	Year = {2016}}

@misc{Swig2020,
	Date-Modified = {2020-03-09 11:23:36 +0100},
	Journal = {GitHub},
	Month = {March},
	Note = {[Online; accessed 9. Mar. 2020]},
	Title = {{SWIG}},
	Url = {https://github.com/swig},
	Year = {2020},
	Bdsk-Url-1 = {https://github.com/swig}}
